%YAML 1.1
%TAG !u! tag:unity3d.com,2011:
--- !u!29 &1
OcclusionCullingSettings:
  m_ObjectHideFlags: 0
  serializedVersion: 2
  m_OcclusionBakeSettings:
    smallestOccluder: 5
    smallestHole: 0.25
    backfaceThreshold: 100
  m_SceneGUID: 00000000000000000000000000000000
  m_OcclusionCullingData: {fileID: 0}
--- !u!104 &2
RenderSettings:
  m_ObjectHideFlags: 0
  serializedVersion: 9
  m_Fog: 0
  m_FogColor: {r: 0.5, g: 0.5, b: 0.5, a: 1}
  m_FogMode: 3
  m_FogDensity: 0.01
  m_LinearFogStart: 0
  m_LinearFogEnd: 300
  m_AmbientSkyColor: {r: 0.8679245, g: 0.7926573, b: 0.61000353, a: 1}
  m_AmbientEquatorColor: {r: 0.114, g: 0.125, b: 0.133, a: 1}
  m_AmbientGroundColor: {r: 0.047, g: 0.043, b: 0.035, a: 1}
  m_AmbientIntensity: 1
  m_AmbientMode: 3
  m_SubtractiveShadowColor: {r: 0.42, g: 0.478, b: 0.627, a: 1}
  m_SkyboxMaterial: {fileID: 2100000, guid: 617d9be015db68348a623b01ea51a8c5, type: 2}
  m_HaloStrength: 0.5
  m_FlareStrength: 1
  m_FlareFadeSpeed: 3
  m_HaloTexture: {fileID: 0}
  m_SpotCookie: {fileID: 10001, guid: 0000000000000000e000000000000000, type: 0}
  m_DefaultReflectionMode: 0
  m_DefaultReflectionResolution: 128
  m_ReflectionBounces: 1
  m_ReflectionIntensity: 1
  m_CustomReflection: {fileID: 0}
  m_Sun: {fileID: 0}
  m_IndirectSpecularColor: {r: 0.47234368, g: 0.80141455, b: 0.8965815, a: 1}
  m_UseRadianceAmbientProbe: 0
--- !u!157 &3
LightmapSettings:
  m_ObjectHideFlags: 0
  serializedVersion: 11
  m_GIWorkflowMode: 0
  m_GISettings:
    serializedVersion: 2
    m_BounceScale: 1
    m_IndirectOutputScale: 1
    m_AlbedoBoost: 1
    m_EnvironmentLightingMode: 0
    m_EnableBakedLightmaps: 0
    m_EnableRealtimeLightmaps: 0
  m_LightmapEditorSettings:
    serializedVersion: 10
    m_Resolution: 2
    m_BakeResolution: 10
    m_AtlasSize: 512
    m_AO: 0
    m_AOMaxDistance: 1
    m_CompAOExponent: 1
    m_CompAOExponentDirect: 0
    m_Padding: 2
    m_LightmapParameters: {fileID: 0}
    m_LightmapsBakeMode: 1
    m_TextureCompression: 1
    m_FinalGather: 0
    m_FinalGatherFiltering: 1
    m_FinalGatherRayCount: 256
    m_ReflectionCompression: 2
    m_MixedBakeMode: 2
    m_BakeBackend: 1
    m_PVRSampling: 1
    m_PVRDirectSampleCount: 32
    m_PVRSampleCount: 256
    m_PVRBounces: 2
    m_PVRFilterTypeDirect: 0
    m_PVRFilterTypeIndirect: 0
    m_PVRFilterTypeAO: 0
    m_PVRFilteringMode: 1
    m_PVRCulling: 1
    m_PVRFilteringGaussRadiusDirect: 1
    m_PVRFilteringGaussRadiusIndirect: 5
    m_PVRFilteringGaussRadiusAO: 2
    m_PVRFilteringAtrousPositionSigmaDirect: 0.5
    m_PVRFilteringAtrousPositionSigmaIndirect: 2
    m_PVRFilteringAtrousPositionSigmaAO: 1
    m_ShowResolutionOverlay: 1
  m_LightingDataAsset: {fileID: 0}
  m_UseShadowmask: 1
--- !u!196 &4
NavMeshSettings:
  serializedVersion: 2
  m_ObjectHideFlags: 0
  m_BuildSettings:
    serializedVersion: 2
    agentTypeID: 0
    agentRadius: 0.35
    agentHeight: 3
    agentSlope: 45
    agentClimb: 1
    ledgeDropHeight: 0
    maxJumpAcrossDistance: 0
    minRegionArea: 2
    manualCellSize: 0
    cellSize: 0.11666667
    manualTileSize: 0
    tileSize: 256
    accuratePlacement: 0
    debug:
      m_Flags: 0
  m_NavMeshData: {fileID: 23800000, guid: 4646e5736946d5e429052f9c323224a4, type: 2}
--- !u!1 &24018441
GameObject:
  m_ObjectHideFlags: 0
  m_CorrespondingSourceObject: {fileID: 0}
  m_PrefabInstance: {fileID: 0}
  m_PrefabAsset: {fileID: 0}
  serializedVersion: 6
  m_Component:
  - component: {fileID: 24018442}
  m_Layer: 0
  m_Name: LevelObjects
  m_TagString: Untagged
  m_Icon: {fileID: 0}
  m_NavMeshLayer: 0
  m_StaticEditorFlags: 0
  m_IsActive: 1
--- !u!4 &24018442
Transform:
  m_ObjectHideFlags: 0
  m_CorrespondingSourceObject: {fileID: 0}
  m_PrefabInstance: {fileID: 0}
  m_PrefabAsset: {fileID: 0}
  m_GameObject: {fileID: 24018441}
  m_LocalRotation: {x: 0, y: 0, z: 0, w: 1}
  m_LocalPosition: {x: 0, y: 0, z: 0}
  m_LocalScale: {x: 1, y: 1, z: 1}
  m_Children:
  - {fileID: 1933669359}
  m_Father: {fileID: 0}
  m_RootOrder: 7
  m_LocalEulerAnglesHint: {x: 0, y: 0, z: 0}
--- !u!1001 &220772904
PrefabInstance:
  m_ObjectHideFlags: 0
  serializedVersion: 2
  m_Modification:
    m_TransformParent: {fileID: 0}
    m_Modifications:
    - target: {fileID: 180278, guid: 2a4b2a0dad46024479fe7f1b502abe52, type: 3}
      propertyPath: m_Name
      value: SA_Veh_FamilyCar
      objectReference: {fileID: 0}
    - target: {fileID: 442332, guid: 2a4b2a0dad46024479fe7f1b502abe52, type: 3}
      propertyPath: m_LocalPosition.x
      value: 135.04
      objectReference: {fileID: 0}
    - target: {fileID: 442332, guid: 2a4b2a0dad46024479fe7f1b502abe52, type: 3}
      propertyPath: m_LocalPosition.y
      value: -57.54
      objectReference: {fileID: 0}
    - target: {fileID: 442332, guid: 2a4b2a0dad46024479fe7f1b502abe52, type: 3}
      propertyPath: m_LocalPosition.z
      value: 1.94
      objectReference: {fileID: 0}
    - target: {fileID: 442332, guid: 2a4b2a0dad46024479fe7f1b502abe52, type: 3}
      propertyPath: m_LocalRotation.x
      value: -0
      objectReference: {fileID: 0}
    - target: {fileID: 442332, guid: 2a4b2a0dad46024479fe7f1b502abe52, type: 3}
      propertyPath: m_LocalRotation.y
      value: 0.016981745
      objectReference: {fileID: 0}
    - target: {fileID: 442332, guid: 2a4b2a0dad46024479fe7f1b502abe52, type: 3}
      propertyPath: m_LocalRotation.z
      value: -0
      objectReference: {fileID: 0}
    - target: {fileID: 442332, guid: 2a4b2a0dad46024479fe7f1b502abe52, type: 3}
      propertyPath: m_LocalRotation.w
      value: 0.9998558
      objectReference: {fileID: 0}
    - target: {fileID: 442332, guid: 2a4b2a0dad46024479fe7f1b502abe52, type: 3}
      propertyPath: m_RootOrder
      value: 4
      objectReference: {fileID: 0}
    - target: {fileID: 442332, guid: 2a4b2a0dad46024479fe7f1b502abe52, type: 3}
      propertyPath: m_LocalEulerAnglesHint.x
      value: 0
      objectReference: {fileID: 0}
    - target: {fileID: 442332, guid: 2a4b2a0dad46024479fe7f1b502abe52, type: 3}
      propertyPath: m_LocalEulerAnglesHint.y
      value: 1.9460001
      objectReference: {fileID: 0}
    - target: {fileID: 442332, guid: 2a4b2a0dad46024479fe7f1b502abe52, type: 3}
      propertyPath: m_LocalEulerAnglesHint.z
      value: 0
      objectReference: {fileID: 0}
    m_RemovedComponents: []
  m_SourcePrefab: {fileID: 100100000, guid: 2a4b2a0dad46024479fe7f1b502abe52, type: 3}
--- !u!1 &232109447
GameObject:
  m_ObjectHideFlags: 0
  m_CorrespondingSourceObject: {fileID: 0}
  m_PrefabInstance: {fileID: 0}
  m_PrefabAsset: {fileID: 0}
  serializedVersion: 6
  m_Component:
  - component: {fileID: 232109453}
  - component: {fileID: 232109452}
  - component: {fileID: 232109451}
  - component: {fileID: 232109450}
  - component: {fileID: 232109449}
  - component: {fileID: 232109448}
  m_Layer: 0
  m_Name: Fence(Clone)
  m_TagString: Untagged
  m_Icon: {fileID: 0}
  m_NavMeshLayer: 0
  m_StaticEditorFlags: 4294967295
  m_IsActive: 1
--- !u!65 &232109448
BoxCollider:
  m_ObjectHideFlags: 0
  m_CorrespondingSourceObject: {fileID: 0}
  m_PrefabInstance: {fileID: 0}
  m_PrefabAsset: {fileID: 0}
  m_GameObject: {fileID: 232109447}
  m_Material: {fileID: 0}
  m_IsTrigger: 1
  m_Enabled: 1
  serializedVersion: 2
  m_Size: {x: 6.01, y: 4.63, z: 5.5}
  m_Center: {x: 0.1187973, y: 1.5871186, z: 2.536767}
--- !u!114 &232109449
MonoBehaviour:
  m_ObjectHideFlags: 0
  m_CorrespondingSourceObject: {fileID: 0}
  m_PrefabInstance: {fileID: 0}
  m_PrefabAsset: {fileID: 0}
  m_GameObject: {fileID: 232109447}
  m_Enabled: 1
  m_EditorHideFlags: 0
  m_Script: {fileID: 11500000, guid: 4dee3d8419049bc4f83fdc136495b11c, type: 3}
  m_Name: 
  m_EditorClassIdentifier: 
  collider: {fileID: 232109450}
  flyinAmplitudeCurve:
    serializedVersion: 2
    m_Curve:
    - serializedVersion: 3
      time: 0
      value: 0
      inSlope: 2.5362473
      outSlope: 2.5362473
      tangentMode: 0
      weightedMode: 0
      inWeight: 0
      outWeight: 0.17575757
    - serializedVersion: 3
      time: 0.6875
      value: 1
      inSlope: 0.34318164
      outSlope: -0.5370344
      tangentMode: 1
      weightedMode: 0
      inWeight: 0.3151515
      outWeight: 0.6666666
    - serializedVersion: 3
      time: 1
      value: 0
      inSlope: -5.253656
      outSlope: -5.253656
      tangentMode: 0
      weightedMode: 0
      inWeight: 0.23999996
      outWeight: 0
    m_PreInfinity: 2
    m_PostInfinity: 2
    m_RotationOrder: 4
  moveForwardCurve:
    serializedVersion: 2
    m_Curve:
    - serializedVersion: 3
      time: 0
      value: 0
      inSlope: 2
      outSlope: 2
      tangentMode: 0
      weightedMode: 0
      inWeight: 0
      outWeight: 0
    - serializedVersion: 3
      time: 1
      value: 1
      inSlope: 0
      outSlope: 0
      tangentMode: 0
      weightedMode: 0
      inWeight: 0
      outWeight: 0
    m_PreInfinity: 2
    m_PostInfinity: 2
    m_RotationOrder: 4
  jumpTime: 0.7
  jumpDistance: 1.5
  jumpHeight: 1
--- !u!65 &232109450
BoxCollider:
  m_ObjectHideFlags: 0
  m_CorrespondingSourceObject: {fileID: 0}
  m_PrefabInstance: {fileID: 0}
  m_PrefabAsset: {fileID: 0}
  m_GameObject: {fileID: 232109447}
  m_Material: {fileID: 0}
  m_IsTrigger: 0
  m_Enabled: 1
  serializedVersion: 2
  m_Size: {x: 0.5932091, y: 1.6891704, z: 5.639177}
  m_Center: {x: 0.24660453, y: 0.8135235, z: 2.816013}
--- !u!23 &232109451
MeshRenderer:
  m_ObjectHideFlags: 0
  m_CorrespondingSourceObject: {fileID: 0}
  m_PrefabInstance: {fileID: 0}
  m_PrefabAsset: {fileID: 0}
  m_GameObject: {fileID: 232109447}
  m_Enabled: 1
  m_CastShadows: 0
  m_ReceiveShadows: 0
  m_DynamicOccludee: 0
  m_MotionVectors: 1
  m_LightProbeUsage: 0
  m_ReflectionProbeUsage: 0
  m_RenderingLayerMask: 1
  m_RendererPriority: 0
  m_Materials:
  - {fileID: 2100000, guid: 965e421d30d6a2a419dfd5b3597456b8, type: 2}
  m_StaticBatchInfo:
    firstSubMesh: 0
    subMeshCount: 0
  m_StaticBatchRoot: {fileID: 0}
  m_ProbeAnchor: {fileID: 0}
  m_LightProbeVolumeOverride: {fileID: 0}
  m_ScaleInLightmap: 1
  m_PreserveUVs: 0
  m_IgnoreNormalsForChartDetection: 0
  m_ImportantGI: 0
  m_StitchLightmapSeams: 0
  m_SelectedEditorRenderState: 3
  m_MinimumChartSize: 4
  m_AutoUVMaxDistance: 0.5
  m_AutoUVMaxAngle: 89
  m_LightmapParameters: {fileID: 0}
  m_SortingLayerID: 0
  m_SortingLayer: 0
  m_SortingOrder: 0
--- !u!33 &232109452
MeshFilter:
  m_ObjectHideFlags: 0
  m_CorrespondingSourceObject: {fileID: 0}
  m_PrefabInstance: {fileID: 0}
  m_PrefabAsset: {fileID: 0}
  m_GameObject: {fileID: 232109447}
  m_Mesh: {fileID: 4300000, guid: 88315f66ee17c754b9a68f0bd061ed3a, type: 3}
--- !u!4 &232109453
Transform:
  m_ObjectHideFlags: 0
  m_CorrespondingSourceObject: {fileID: 0}
  m_PrefabInstance: {fileID: 0}
  m_PrefabAsset: {fileID: 0}
  m_GameObject: {fileID: 232109447}
  m_LocalRotation: {x: 0, y: -1, z: 0, w: 0}
  m_LocalPosition: {x: 57.8607, y: -57.48, z: 12.8}
  m_LocalScale: {x: 1, y: 1.9169, z: 4.5501165}
  m_Children: []
  m_Father: {fileID: 0}
  m_RootOrder: 9
  m_LocalEulerAnglesHint: {x: 0, y: -180, z: 0}
--- !u!1001 &245027672
PrefabInstance:
  m_ObjectHideFlags: 0
  serializedVersion: 2
  m_Modification:
    m_TransformParent: {fileID: 0}
    m_Modifications:
    - target: {fileID: 6518861021071840699, guid: f95b479d83f52f74bb9a36cbbd49b438,
        type: 3}
      propertyPath: m_Name
      value: Location2 (1)
      objectReference: {fileID: 0}
    - target: {fileID: 6518861021071840695, guid: f95b479d83f52f74bb9a36cbbd49b438,
        type: 3}
      propertyPath: m_LocalPosition.x
      value: 115.2
      objectReference: {fileID: 0}
    - target: {fileID: 6518861021071840695, guid: f95b479d83f52f74bb9a36cbbd49b438,
        type: 3}
      propertyPath: m_LocalPosition.y
      value: 0
      objectReference: {fileID: 0}
    - target: {fileID: 6518861021071840695, guid: f95b479d83f52f74bb9a36cbbd49b438,
        type: 3}
      propertyPath: m_LocalPosition.z
      value: 0
      objectReference: {fileID: 0}
    - target: {fileID: 6518861021071840695, guid: f95b479d83f52f74bb9a36cbbd49b438,
        type: 3}
      propertyPath: m_LocalRotation.x
      value: 0
      objectReference: {fileID: 0}
    - target: {fileID: 6518861021071840695, guid: f95b479d83f52f74bb9a36cbbd49b438,
        type: 3}
      propertyPath: m_LocalRotation.y
      value: 0
      objectReference: {fileID: 0}
    - target: {fileID: 6518861021071840695, guid: f95b479d83f52f74bb9a36cbbd49b438,
        type: 3}
      propertyPath: m_LocalRotation.z
      value: 0
      objectReference: {fileID: 0}
    - target: {fileID: 6518861021071840695, guid: f95b479d83f52f74bb9a36cbbd49b438,
        type: 3}
      propertyPath: m_LocalRotation.w
      value: 1
      objectReference: {fileID: 0}
    - target: {fileID: 6518861021071840695, guid: f95b479d83f52f74bb9a36cbbd49b438,
        type: 3}
      propertyPath: m_RootOrder
      value: 17
      objectReference: {fileID: 0}
    - target: {fileID: 6518861021071840695, guid: f95b479d83f52f74bb9a36cbbd49b438,
        type: 3}
      propertyPath: m_LocalEulerAnglesHint.x
      value: 0
      objectReference: {fileID: 0}
    - target: {fileID: 6518861021071840695, guid: f95b479d83f52f74bb9a36cbbd49b438,
        type: 3}
      propertyPath: m_LocalEulerAnglesHint.y
      value: 0
      objectReference: {fileID: 0}
    - target: {fileID: 6518861021071840695, guid: f95b479d83f52f74bb9a36cbbd49b438,
        type: 3}
      propertyPath: m_LocalEulerAnglesHint.z
      value: 0
      objectReference: {fileID: 0}
    m_RemovedComponents: []
  m_SourcePrefab: {fileID: 100100000, guid: f95b479d83f52f74bb9a36cbbd49b438, type: 3}
--- !u!1 &576176286 stripped
GameObject:
  m_CorrespondingSourceObject: {fileID: 185090, guid: 4d4db3865f3e276479c2dbe7d1547e08,
    type: 3}
  m_PrefabInstance: {fileID: 957123686}
  m_PrefabAsset: {fileID: 0}
--- !u!65 &576176287
BoxCollider:
  m_ObjectHideFlags: 0
  m_CorrespondingSourceObject: {fileID: 0}
  m_PrefabInstance: {fileID: 0}
  m_PrefabAsset: {fileID: 0}
  m_GameObject: {fileID: 576176286}
  m_Material: {fileID: 0}
  m_IsTrigger: 0
  m_Enabled: 1
  serializedVersion: 2
  m_Size: {x: 4.422971, y: 4.117965, z: 10.821639}
  m_Center: {x: -0.0013887886, y: 2.6057723, z: 0.08352067}
--- !u!1001 &704733028
PrefabInstance:
  m_ObjectHideFlags: 0
  serializedVersion: 2
  m_Modification:
    m_TransformParent: {fileID: 0}
    m_Modifications:
    - target: {fileID: 4615085314634128905, guid: 724fc98e92b512844845517bedb242d1,
        type: 3}
      propertyPath: m_Name
      value: Zombie (2)
      objectReference: {fileID: 0}
    - target: {fileID: 4615085314634128903, guid: 724fc98e92b512844845517bedb242d1,
        type: 3}
      propertyPath: m_LocalPosition.x
      value: 127.27
      objectReference: {fileID: 0}
    - target: {fileID: 4615085314634128903, guid: 724fc98e92b512844845517bedb242d1,
        type: 3}
      propertyPath: m_LocalPosition.y
      value: -57.4
      objectReference: {fileID: 0}
    - target: {fileID: 4615085314634128903, guid: 724fc98e92b512844845517bedb242d1,
        type: 3}
      propertyPath: m_LocalPosition.z
      value: -1.63
      objectReference: {fileID: 0}
    - target: {fileID: 4615085314634128903, guid: 724fc98e92b512844845517bedb242d1,
        type: 3}
      propertyPath: m_LocalRotation.x
      value: -0
      objectReference: {fileID: 0}
    - target: {fileID: 4615085314634128903, guid: 724fc98e92b512844845517bedb242d1,
        type: 3}
      propertyPath: m_LocalRotation.y
      value: -0.758969
      objectReference: {fileID: 0}
    - target: {fileID: 4615085314634128903, guid: 724fc98e92b512844845517bedb242d1,
        type: 3}
      propertyPath: m_LocalRotation.z
      value: -0
      objectReference: {fileID: 0}
    - target: {fileID: 4615085314634128903, guid: 724fc98e92b512844845517bedb242d1,
        type: 3}
      propertyPath: m_LocalRotation.w
      value: 0.65112674
      objectReference: {fileID: 0}
    - target: {fileID: 4615085314634128903, guid: 724fc98e92b512844845517bedb242d1,
        type: 3}
      propertyPath: m_RootOrder
      value: 14
      objectReference: {fileID: 0}
    - target: {fileID: 4615085314634128903, guid: 724fc98e92b512844845517bedb242d1,
        type: 3}
      propertyPath: m_LocalEulerAnglesHint.x
      value: 0
      objectReference: {fileID: 0}
    - target: {fileID: 4615085314634128903, guid: 724fc98e92b512844845517bedb242d1,
        type: 3}
      propertyPath: m_LocalEulerAnglesHint.y
      value: -98.747
      objectReference: {fileID: 0}
    - target: {fileID: 4615085314634128903, guid: 724fc98e92b512844845517bedb242d1,
        type: 3}
      propertyPath: m_LocalEulerAnglesHint.z
      value: 0
      objectReference: {fileID: 0}
    m_RemovedComponents: []
  m_SourcePrefab: {fileID: 100100000, guid: 724fc98e92b512844845517bedb242d1, type: 3}
--- !u!1 &873795574 stripped
GameObject:
  m_CorrespondingSourceObject: {fileID: 105324, guid: c0677c4fb5336bb4ca66d08ac65eb63e,
    type: 3}
  m_PrefabInstance: {fileID: 1608109587}
  m_PrefabAsset: {fileID: 0}
--- !u!65 &873795575
BoxCollider:
  m_ObjectHideFlags: 0
  m_CorrespondingSourceObject: {fileID: 0}
  m_PrefabInstance: {fileID: 0}
  m_PrefabAsset: {fileID: 0}
  m_GameObject: {fileID: 873795574}
  m_Material: {fileID: 0}
  m_IsTrigger: 0
  m_Enabled: 1
  serializedVersion: 2
  m_Size: {x: 3.3261166, y: 2.0653007, z: 7.674612}
  m_Center: {x: 0, y: 1.3443509, z: 0}
--- !u!1001 &957123686
PrefabInstance:
  m_ObjectHideFlags: 0
  serializedVersion: 2
  m_Modification:
    m_TransformParent: {fileID: 0}
    m_Modifications:
    - target: {fileID: 185090, guid: 4d4db3865f3e276479c2dbe7d1547e08, type: 3}
      propertyPath: m_Name
      value: SA_Veh_ArmytruckTanker
      objectReference: {fileID: 0}
    - target: {fileID: 460636, guid: 4d4db3865f3e276479c2dbe7d1547e08, type: 3}
      propertyPath: m_LocalPosition.x
      value: 88.67
      objectReference: {fileID: 0}
    - target: {fileID: 460636, guid: 4d4db3865f3e276479c2dbe7d1547e08, type: 3}
      propertyPath: m_LocalPosition.y
      value: -57.53
      objectReference: {fileID: 0}
    - target: {fileID: 460636, guid: 4d4db3865f3e276479c2dbe7d1547e08, type: 3}
      propertyPath: m_LocalPosition.z
      value: 2.1
      objectReference: {fileID: 0}
    - target: {fileID: 460636, guid: 4d4db3865f3e276479c2dbe7d1547e08, type: 3}
      propertyPath: m_LocalRotation.x
      value: -0
      objectReference: {fileID: 0}
    - target: {fileID: 460636, guid: 4d4db3865f3e276479c2dbe7d1547e08, type: 3}
      propertyPath: m_LocalRotation.y
      value: -0.82520515
      objectReference: {fileID: 0}
    - target: {fileID: 460636, guid: 4d4db3865f3e276479c2dbe7d1547e08, type: 3}
      propertyPath: m_LocalRotation.z
      value: -0
      objectReference: {fileID: 0}
    - target: {fileID: 460636, guid: 4d4db3865f3e276479c2dbe7d1547e08, type: 3}
      propertyPath: m_LocalRotation.w
      value: 0.5648333
      objectReference: {fileID: 0}
    - target: {fileID: 460636, guid: 4d4db3865f3e276479c2dbe7d1547e08, type: 3}
      propertyPath: m_RootOrder
      value: 2
      objectReference: {fileID: 0}
    - target: {fileID: 460636, guid: 4d4db3865f3e276479c2dbe7d1547e08, type: 3}
      propertyPath: m_LocalEulerAnglesHint.x
      value: 0
      objectReference: {fileID: 0}
    - target: {fileID: 460636, guid: 4d4db3865f3e276479c2dbe7d1547e08, type: 3}
      propertyPath: m_LocalEulerAnglesHint.y
      value: -111.219
      objectReference: {fileID: 0}
    - target: {fileID: 460636, guid: 4d4db3865f3e276479c2dbe7d1547e08, type: 3}
      propertyPath: m_LocalEulerAnglesHint.z
      value: 0
      objectReference: {fileID: 0}
    m_RemovedComponents: []
  m_SourcePrefab: {fileID: 100100000, guid: 4d4db3865f3e276479c2dbe7d1547e08, type: 3}
--- !u!1001 &987782266
PrefabInstance:
  m_ObjectHideFlags: 0
  serializedVersion: 2
  m_Modification:
    m_TransformParent: {fileID: 0}
    m_Modifications:
    - target: {fileID: 117122, guid: ca134e2a15f2dc24d8b54a103b285c8e, type: 3}
      propertyPath: m_Name
      value: SA_Veh_RV
      objectReference: {fileID: 0}
    - target: {fileID: 419814, guid: ca134e2a15f2dc24d8b54a103b285c8e, type: 3}
      propertyPath: m_LocalPosition.x
      value: 1.6
      objectReference: {fileID: 0}
    - target: {fileID: 419814, guid: ca134e2a15f2dc24d8b54a103b285c8e, type: 3}
      propertyPath: m_LocalPosition.y
      value: -57.78
      objectReference: {fileID: 0}
    - target: {fileID: 419814, guid: ca134e2a15f2dc24d8b54a103b285c8e, type: 3}
      propertyPath: m_LocalPosition.z
      value: -3.4
      objectReference: {fileID: 0}
    - target: {fileID: 419814, guid: ca134e2a15f2dc24d8b54a103b285c8e, type: 3}
      propertyPath: m_LocalRotation.x
      value: 0
      objectReference: {fileID: 0}
    - target: {fileID: 419814, guid: ca134e2a15f2dc24d8b54a103b285c8e, type: 3}
      propertyPath: m_LocalRotation.y
      value: 0
      objectReference: {fileID: 0}
    - target: {fileID: 419814, guid: ca134e2a15f2dc24d8b54a103b285c8e, type: 3}
      propertyPath: m_LocalRotation.z
      value: 0
      objectReference: {fileID: 0}
    - target: {fileID: 419814, guid: ca134e2a15f2dc24d8b54a103b285c8e, type: 3}
      propertyPath: m_LocalRotation.w
      value: 1
      objectReference: {fileID: 0}
    - target: {fileID: 419814, guid: ca134e2a15f2dc24d8b54a103b285c8e, type: 3}
      propertyPath: m_RootOrder
      value: 1
      objectReference: {fileID: 0}
    - target: {fileID: 419814, guid: ca134e2a15f2dc24d8b54a103b285c8e, type: 3}
      propertyPath: m_LocalEulerAnglesHint.x
      value: 0
      objectReference: {fileID: 0}
    - target: {fileID: 419814, guid: ca134e2a15f2dc24d8b54a103b285c8e, type: 3}
      propertyPath: m_LocalEulerAnglesHint.y
      value: 0
      objectReference: {fileID: 0}
    - target: {fileID: 419814, guid: ca134e2a15f2dc24d8b54a103b285c8e, type: 3}
      propertyPath: m_LocalEulerAnglesHint.z
      value: 0
      objectReference: {fileID: 0}
    m_RemovedComponents: []
  m_SourcePrefab: {fileID: 100100000, guid: ca134e2a15f2dc24d8b54a103b285c8e, type: 3}
--- !u!1001 &1035206951
PrefabInstance:
  m_ObjectHideFlags: 0
  serializedVersion: 2
  m_Modification:
    m_TransformParent: {fileID: 0}
    m_Modifications:
    - target: {fileID: 6518861021071840699, guid: f95b479d83f52f74bb9a36cbbd49b438,
        type: 3}
      propertyPath: m_Name
      value: Location2
      objectReference: {fileID: 0}
    - target: {fileID: 6518861021071840695, guid: f95b479d83f52f74bb9a36cbbd49b438,
        type: 3}
      propertyPath: m_LocalPosition.x
      value: 0
      objectReference: {fileID: 0}
    - target: {fileID: 6518861021071840695, guid: f95b479d83f52f74bb9a36cbbd49b438,
        type: 3}
      propertyPath: m_LocalPosition.y
      value: 0
      objectReference: {fileID: 0}
    - target: {fileID: 6518861021071840695, guid: f95b479d83f52f74bb9a36cbbd49b438,
        type: 3}
      propertyPath: m_LocalPosition.z
      value: 0
      objectReference: {fileID: 0}
    - target: {fileID: 6518861021071840695, guid: f95b479d83f52f74bb9a36cbbd49b438,
        type: 3}
      propertyPath: m_LocalRotation.x
      value: 0
      objectReference: {fileID: 0}
    - target: {fileID: 6518861021071840695, guid: f95b479d83f52f74bb9a36cbbd49b438,
        type: 3}
      propertyPath: m_LocalRotation.y
      value: 0
      objectReference: {fileID: 0}
    - target: {fileID: 6518861021071840695, guid: f95b479d83f52f74bb9a36cbbd49b438,
        type: 3}
      propertyPath: m_LocalRotation.z
      value: 0
      objectReference: {fileID: 0}
    - target: {fileID: 6518861021071840695, guid: f95b479d83f52f74bb9a36cbbd49b438,
        type: 3}
      propertyPath: m_LocalRotation.w
      value: 1
      objectReference: {fileID: 0}
    - target: {fileID: 6518861021071840695, guid: f95b479d83f52f74bb9a36cbbd49b438,
        type: 3}
      propertyPath: m_RootOrder
      value: 15
      objectReference: {fileID: 0}
    - target: {fileID: 6518861021071840695, guid: f95b479d83f52f74bb9a36cbbd49b438,
        type: 3}
      propertyPath: m_LocalEulerAnglesHint.x
      value: 0
      objectReference: {fileID: 0}
    - target: {fileID: 6518861021071840695, guid: f95b479d83f52f74bb9a36cbbd49b438,
        type: 3}
      propertyPath: m_LocalEulerAnglesHint.y
      value: 0
      objectReference: {fileID: 0}
    - target: {fileID: 6518861021071840695, guid: f95b479d83f52f74bb9a36cbbd49b438,
        type: 3}
      propertyPath: m_LocalEulerAnglesHint.z
      value: 0
      objectReference: {fileID: 0}
    m_RemovedComponents: []
  m_SourcePrefab: {fileID: 100100000, guid: f95b479d83f52f74bb9a36cbbd49b438, type: 3}
--- !u!1 &1035206952 stripped
GameObject:
  m_CorrespondingSourceObject: {fileID: 6518861021071840699, guid: f95b479d83f52f74bb9a36cbbd49b438,
    type: 3}
  m_PrefabInstance: {fileID: 1035206951}
  m_PrefabAsset: {fileID: 0}
--- !u!114 &1035206953 stripped
MonoBehaviour:
  m_CorrespondingSourceObject: {fileID: 6518861021071840694, guid: f95b479d83f52f74bb9a36cbbd49b438,
    type: 3}
  m_PrefabInstance: {fileID: 1035206951}
  m_PrefabAsset: {fileID: 0}
  m_GameObject: {fileID: 1035206952}
  m_Enabled: 1
  m_EditorHideFlags: 0
  m_Script: {fileID: 11500000, guid: c727b45c8c54a454180582949056b047, type: 3}
  m_Name: 
  m_EditorClassIdentifier: 
--- !u!65 &1035206954
BoxCollider:
  m_ObjectHideFlags: 0
  m_CorrespondingSourceObject: {fileID: 0}
  m_PrefabInstance: {fileID: 0}
  m_PrefabAsset: {fileID: 0}
  m_GameObject: {fileID: 1035206952}
  m_Material: {fileID: 0}
  m_IsTrigger: 1
  m_Enabled: 1
  serializedVersion: 2
  m_Size: {x: 115.2, y: 115.2, z: 115.2}
  m_Center: {x: 0, y: 0, z: 0}
--- !u!1001 &1080790855
PrefabInstance:
  m_ObjectHideFlags: 0
  serializedVersion: 2
  m_Modification:
    m_TransformParent: {fileID: 0}
    m_Modifications:
    - target: {fileID: 4147511278864254469, guid: cb3cd30f3e28d6546b1e8371af0300a7,
        type: 3}
      propertyPath: m_Name
      value: Item
      objectReference: {fileID: 0}
    - target: {fileID: 4147511278864528081, guid: cb3cd30f3e28d6546b1e8371af0300a7,
        type: 3}
      propertyPath: m_LocalPosition.x
      value: -14.68
      objectReference: {fileID: 0}
    - target: {fileID: 4147511278864528081, guid: cb3cd30f3e28d6546b1e8371af0300a7,
        type: 3}
      propertyPath: m_LocalPosition.y
      value: -55.83
      objectReference: {fileID: 0}
    - target: {fileID: 4147511278864528081, guid: cb3cd30f3e28d6546b1e8371af0300a7,
        type: 3}
      propertyPath: m_LocalPosition.z
      value: -3.9
      objectReference: {fileID: 0}
    - target: {fileID: 4147511278864528081, guid: cb3cd30f3e28d6546b1e8371af0300a7,
        type: 3}
      propertyPath: m_LocalRotation.x
      value: 0
      objectReference: {fileID: 0}
    - target: {fileID: 4147511278864528081, guid: cb3cd30f3e28d6546b1e8371af0300a7,
        type: 3}
      propertyPath: m_LocalRotation.y
      value: 0
      objectReference: {fileID: 0}
    - target: {fileID: 4147511278864528081, guid: cb3cd30f3e28d6546b1e8371af0300a7,
        type: 3}
      propertyPath: m_LocalRotation.z
      value: 0
      objectReference: {fileID: 0}
    - target: {fileID: 4147511278864528081, guid: cb3cd30f3e28d6546b1e8371af0300a7,
        type: 3}
      propertyPath: m_LocalRotation.w
      value: 1
      objectReference: {fileID: 0}
    - target: {fileID: 4147511278864528081, guid: cb3cd30f3e28d6546b1e8371af0300a7,
        type: 3}
      propertyPath: m_RootOrder
      value: 8
      objectReference: {fileID: 0}
    - target: {fileID: 4147511278864528081, guid: cb3cd30f3e28d6546b1e8371af0300a7,
        type: 3}
      propertyPath: m_LocalEulerAnglesHint.x
      value: 0
      objectReference: {fileID: 0}
    - target: {fileID: 4147511278864528081, guid: cb3cd30f3e28d6546b1e8371af0300a7,
        type: 3}
      propertyPath: m_LocalEulerAnglesHint.y
      value: 0
      objectReference: {fileID: 0}
    - target: {fileID: 4147511278864528081, guid: cb3cd30f3e28d6546b1e8371af0300a7,
        type: 3}
      propertyPath: m_LocalEulerAnglesHint.z
      value: 0
      objectReference: {fileID: 0}
    m_RemovedComponents: []
  m_SourcePrefab: {fileID: 100100000, guid: cb3cd30f3e28d6546b1e8371af0300a7, type: 3}
--- !u!1001 &1298813387
PrefabInstance:
  m_ObjectHideFlags: 0
  serializedVersion: 2
  m_Modification:
    m_TransformParent: {fileID: 0}
    m_Modifications:
    - target: {fileID: 4615085314634128905, guid: 724fc98e92b512844845517bedb242d1,
        type: 3}
      propertyPath: m_Name
      value: Zombie (1)
      objectReference: {fileID: 0}
    - target: {fileID: 4615085314634128903, guid: 724fc98e92b512844845517bedb242d1,
        type: 3}
      propertyPath: m_LocalPosition.x
      value: 96.98
      objectReference: {fileID: 0}
    - target: {fileID: 4615085314634128903, guid: 724fc98e92b512844845517bedb242d1,
        type: 3}
      propertyPath: m_LocalPosition.y
      value: -57.4
      objectReference: {fileID: 0}
    - target: {fileID: 4615085314634128903, guid: 724fc98e92b512844845517bedb242d1,
        type: 3}
      propertyPath: m_LocalPosition.z
      value: -4.29
      objectReference: {fileID: 0}
    - target: {fileID: 4615085314634128903, guid: 724fc98e92b512844845517bedb242d1,
        type: 3}
      propertyPath: m_LocalRotation.x
      value: -0
      objectReference: {fileID: 0}
    - target: {fileID: 4615085314634128903, guid: 724fc98e92b512844845517bedb242d1,
        type: 3}
      propertyPath: m_LocalRotation.y
      value: -0.758969
      objectReference: {fileID: 0}
    - target: {fileID: 4615085314634128903, guid: 724fc98e92b512844845517bedb242d1,
        type: 3}
      propertyPath: m_LocalRotation.z
      value: -0
      objectReference: {fileID: 0}
    - target: {fileID: 4615085314634128903, guid: 724fc98e92b512844845517bedb242d1,
        type: 3}
      propertyPath: m_LocalRotation.w
      value: 0.65112674
      objectReference: {fileID: 0}
    - target: {fileID: 4615085314634128903, guid: 724fc98e92b512844845517bedb242d1,
        type: 3}
      propertyPath: m_RootOrder
      value: 12
      objectReference: {fileID: 0}
    - target: {fileID: 4615085314634128903, guid: 724fc98e92b512844845517bedb242d1,
        type: 3}
      propertyPath: m_LocalEulerAnglesHint.x
      value: 0
      objectReference: {fileID: 0}
    - target: {fileID: 4615085314634128903, guid: 724fc98e92b512844845517bedb242d1,
        type: 3}
      propertyPath: m_LocalEulerAnglesHint.y
      value: -98.747
      objectReference: {fileID: 0}
    - target: {fileID: 4615085314634128903, guid: 724fc98e92b512844845517bedb242d1,
        type: 3}
      propertyPath: m_LocalEulerAnglesHint.z
      value: 0
      objectReference: {fileID: 0}
    m_RemovedComponents: []
  m_SourcePrefab: {fileID: 100100000, guid: 724fc98e92b512844845517bedb242d1, type: 3}
--- !u!1001 &1317748421
PrefabInstance:
  m_ObjectHideFlags: 0
  serializedVersion: 2
  m_Modification:
    m_TransformParent: {fileID: 0}
    m_Modifications:
    - target: {fileID: 4147511278864254469, guid: cb3cd30f3e28d6546b1e8371af0300a7,
        type: 3}
      propertyPath: m_Name
      value: Item (1)
      objectReference: {fileID: 0}
    - target: {fileID: 4147511278864528081, guid: cb3cd30f3e28d6546b1e8371af0300a7,
        type: 3}
      propertyPath: m_LocalPosition.x
      value: 72.92
      objectReference: {fileID: 0}
    - target: {fileID: 4147511278864528081, guid: cb3cd30f3e28d6546b1e8371af0300a7,
        type: 3}
      propertyPath: m_LocalPosition.y
      value: -55.83
      objectReference: {fileID: 0}
    - target: {fileID: 4147511278864528081, guid: cb3cd30f3e28d6546b1e8371af0300a7,
        type: 3}
      propertyPath: m_LocalPosition.z
      value: -4.06
      objectReference: {fileID: 0}
    - target: {fileID: 4147511278864528081, guid: cb3cd30f3e28d6546b1e8371af0300a7,
        type: 3}
      propertyPath: m_LocalRotation.x
      value: 0
      objectReference: {fileID: 0}
    - target: {fileID: 4147511278864528081, guid: cb3cd30f3e28d6546b1e8371af0300a7,
        type: 3}
      propertyPath: m_LocalRotation.y
      value: 0
      objectReference: {fileID: 0}
    - target: {fileID: 4147511278864528081, guid: cb3cd30f3e28d6546b1e8371af0300a7,
        type: 3}
      propertyPath: m_LocalRotation.z
      value: 0
      objectReference: {fileID: 0}
    - target: {fileID: 4147511278864528081, guid: cb3cd30f3e28d6546b1e8371af0300a7,
        type: 3}
      propertyPath: m_LocalRotation.w
      value: 1
      objectReference: {fileID: 0}
    - target: {fileID: 4147511278864528081, guid: cb3cd30f3e28d6546b1e8371af0300a7,
        type: 3}
      propertyPath: m_RootOrder
      value: 11
      objectReference: {fileID: 0}
    - target: {fileID: 4147511278864528081, guid: cb3cd30f3e28d6546b1e8371af0300a7,
        type: 3}
      propertyPath: m_LocalEulerAnglesHint.x
      value: 0
      objectReference: {fileID: 0}
    - target: {fileID: 4147511278864528081, guid: cb3cd30f3e28d6546b1e8371af0300a7,
        type: 3}
      propertyPath: m_LocalEulerAnglesHint.y
      value: 0
      objectReference: {fileID: 0}
    - target: {fileID: 4147511278864528081, guid: cb3cd30f3e28d6546b1e8371af0300a7,
        type: 3}
      propertyPath: m_LocalEulerAnglesHint.z
      value: 0
      objectReference: {fileID: 0}
    m_RemovedComponents: []
  m_SourcePrefab: {fileID: 100100000, guid: cb3cd30f3e28d6546b1e8371af0300a7, type: 3}
--- !u!1001 &1325255677
PrefabInstance:
  m_ObjectHideFlags: 0
  serializedVersion: 2
  m_Modification:
    m_TransformParent: {fileID: 0}
    m_Modifications:
    - target: {fileID: 3561980244624490592, guid: dca863739d20f8541858697ad753ba5c,
        type: 3}
      propertyPath: m_Name
      value: FinishZone
      objectReference: {fileID: 0}
    - target: {fileID: 3561980244624490597, guid: dca863739d20f8541858697ad753ba5c,
        type: 3}
      propertyPath: m_LocalPosition.x
      value: 160.37
      objectReference: {fileID: 0}
    - target: {fileID: 3561980244624490597, guid: dca863739d20f8541858697ad753ba5c,
        type: 3}
      propertyPath: m_LocalPosition.y
      value: -57.36
      objectReference: {fileID: 0}
    - target: {fileID: 3561980244624490597, guid: dca863739d20f8541858697ad753ba5c,
        type: 3}
      propertyPath: m_LocalPosition.z
      value: 2.6
      objectReference: {fileID: 0}
    - target: {fileID: 3561980244624490597, guid: dca863739d20f8541858697ad753ba5c,
        type: 3}
      propertyPath: m_LocalRotation.x
      value: -0
      objectReference: {fileID: 0}
    - target: {fileID: 3561980244624490597, guid: dca863739d20f8541858697ad753ba5c,
        type: 3}
      propertyPath: m_LocalRotation.y
      value: -0
      objectReference: {fileID: 0}
    - target: {fileID: 3561980244624490597, guid: dca863739d20f8541858697ad753ba5c,
        type: 3}
      propertyPath: m_LocalRotation.z
      value: -0
      objectReference: {fileID: 0}
    - target: {fileID: 3561980244624490597, guid: dca863739d20f8541858697ad753ba5c,
        type: 3}
      propertyPath: m_LocalRotation.w
      value: 1
      objectReference: {fileID: 0}
    - target: {fileID: 3561980244624490597, guid: dca863739d20f8541858697ad753ba5c,
        type: 3}
      propertyPath: m_RootOrder
      value: 5
      objectReference: {fileID: 0}
    - target: {fileID: 3561980244624490597, guid: dca863739d20f8541858697ad753ba5c,
        type: 3}
      propertyPath: m_LocalEulerAnglesHint.x
      value: 0
      objectReference: {fileID: 0}
    - target: {fileID: 3561980244624490597, guid: dca863739d20f8541858697ad753ba5c,
        type: 3}
      propertyPath: m_LocalEulerAnglesHint.y
      value: 0
      objectReference: {fileID: 0}
    - target: {fileID: 3561980244624490597, guid: dca863739d20f8541858697ad753ba5c,
        type: 3}
      propertyPath: m_LocalEulerAnglesHint.z
      value: 0
      objectReference: {fileID: 0}
    m_RemovedComponents: []
  m_SourcePrefab: {fileID: 100100000, guid: dca863739d20f8541858697ad753ba5c, type: 3}
--- !u!1 &1427662260 stripped
GameObject:
  m_CorrespondingSourceObject: {fileID: 4598334823495630873, guid: 9d3fedf1717398542b03befb1f4a1c33,
    type: 3}
  m_PrefabInstance: {fileID: 1495687188}
  m_PrefabAsset: {fileID: 0}
--- !u!65 &1427662261
BoxCollider:
  m_ObjectHideFlags: 0
  m_CorrespondingSourceObject: {fileID: 0}
  m_PrefabInstance: {fileID: 0}
  m_PrefabAsset: {fileID: 0}
  m_GameObject: {fileID: 1427662260}
  m_Material: {fileID: 0}
  m_IsTrigger: 1
  m_Enabled: 1
  serializedVersion: 2
  m_Size: {x: 88, y: 88, z: 88}
  m_Center: {x: 0, y: 0, z: 0}
--- !u!114 &1427662263 stripped
MonoBehaviour:
  m_CorrespondingSourceObject: {fileID: 4058499131270856364, guid: 9d3fedf1717398542b03befb1f4a1c33,
    type: 3}
  m_PrefabInstance: {fileID: 1495687188}
  m_PrefabAsset: {fileID: 0}
  m_GameObject: {fileID: 1427662260}
  m_Enabled: 1
  m_EditorHideFlags: 0
  m_Script: {fileID: 11500000, guid: c727b45c8c54a454180582949056b047, type: 3}
  m_Name: 
  m_EditorClassIdentifier: 
--- !u!1001 &1450769986
PrefabInstance:
  m_ObjectHideFlags: 0
  serializedVersion: 2
  m_Modification:
    m_TransformParent: {fileID: 0}
    m_Modifications:
    - target: {fileID: 4615085314634128905, guid: 724fc98e92b512844845517bedb242d1,
        type: 3}
      propertyPath: m_Name
      value: Zombie
      objectReference: {fileID: 0}
    - target: {fileID: 4615085314634128903, guid: 724fc98e92b512844845517bedb242d1,
        type: 3}
      propertyPath: m_LocalPosition.x
      value: 19.62
      objectReference: {fileID: 0}
    - target: {fileID: 4615085314634128903, guid: 724fc98e92b512844845517bedb242d1,
        type: 3}
      propertyPath: m_LocalPosition.y
      value: -57.4
      objectReference: {fileID: 0}
    - target: {fileID: 4615085314634128903, guid: 724fc98e92b512844845517bedb242d1,
        type: 3}
      propertyPath: m_LocalPosition.z
      value: 4.68
      objectReference: {fileID: 0}
    - target: {fileID: 4615085314634128903, guid: 724fc98e92b512844845517bedb242d1,
        type: 3}
      propertyPath: m_LocalRotation.x
      value: -0
      objectReference: {fileID: 0}
    - target: {fileID: 4615085314634128903, guid: 724fc98e92b512844845517bedb242d1,
        type: 3}
      propertyPath: m_LocalRotation.y
      value: -0.758969
      objectReference: {fileID: 0}
    - target: {fileID: 4615085314634128903, guid: 724fc98e92b512844845517bedb242d1,
        type: 3}
      propertyPath: m_LocalRotation.z
      value: -0
      objectReference: {fileID: 0}
    - target: {fileID: 4615085314634128903, guid: 724fc98e92b512844845517bedb242d1,
        type: 3}
      propertyPath: m_LocalRotation.w
      value: 0.65112674
      objectReference: {fileID: 0}
    - target: {fileID: 4615085314634128903, guid: 724fc98e92b512844845517bedb242d1,
        type: 3}
      propertyPath: m_RootOrder
      value: 10
      objectReference: {fileID: 0}
    - target: {fileID: 4615085314634128903, guid: 724fc98e92b512844845517bedb242d1,
        type: 3}
      propertyPath: m_LocalEulerAnglesHint.x
      value: 0
      objectReference: {fileID: 0}
    - target: {fileID: 4615085314634128903, guid: 724fc98e92b512844845517bedb242d1,
        type: 3}
      propertyPath: m_LocalEulerAnglesHint.y
      value: -98.747
      objectReference: {fileID: 0}
    - target: {fileID: 4615085314634128903, guid: 724fc98e92b512844845517bedb242d1,
        type: 3}
      propertyPath: m_LocalEulerAnglesHint.z
      value: 0
      objectReference: {fileID: 0}
    m_RemovedComponents: []
  m_SourcePrefab: {fileID: 100100000, guid: 724fc98e92b512844845517bedb242d1, type: 3}
--- !u!1001 &1495687188
PrefabInstance:
  m_ObjectHideFlags: 0
  serializedVersion: 2
  m_Modification:
    m_TransformParent: {fileID: 0}
    m_Modifications:
    - target: {fileID: 4598334823495630873, guid: 9d3fedf1717398542b03befb1f4a1c33,
        type: 3}
      propertyPath: m_Name
      value: LocationEnd 1
      objectReference: {fileID: 0}
    - target: {fileID: 2435928678181716879, guid: 9d3fedf1717398542b03befb1f4a1c33,
        type: 3}
      propertyPath: m_LocalPosition.x
      value: 216.79999
      objectReference: {fileID: 0}
    - target: {fileID: 2435928678181716879, guid: 9d3fedf1717398542b03befb1f4a1c33,
        type: 3}
      propertyPath: m_LocalPosition.y
      value: 0
      objectReference: {fileID: 0}
    - target: {fileID: 2435928678181716879, guid: 9d3fedf1717398542b03befb1f4a1c33,
        type: 3}
      propertyPath: m_LocalPosition.z
      value: 0
      objectReference: {fileID: 0}
    - target: {fileID: 2435928678181716879, guid: 9d3fedf1717398542b03befb1f4a1c33,
        type: 3}
      propertyPath: m_LocalRotation.x
      value: 0
      objectReference: {fileID: 0}
    - target: {fileID: 2435928678181716879, guid: 9d3fedf1717398542b03befb1f4a1c33,
        type: 3}
      propertyPath: m_LocalRotation.y
      value: 0
      objectReference: {fileID: 0}
    - target: {fileID: 2435928678181716879, guid: 9d3fedf1717398542b03befb1f4a1c33,
        type: 3}
      propertyPath: m_LocalRotation.z
      value: 0
      objectReference: {fileID: 0}
    - target: {fileID: 2435928678181716879, guid: 9d3fedf1717398542b03befb1f4a1c33,
        type: 3}
      propertyPath: m_LocalRotation.w
      value: 1
      objectReference: {fileID: 0}
    - target: {fileID: 2435928678181716879, guid: 9d3fedf1717398542b03befb1f4a1c33,
        type: 3}
      propertyPath: m_RootOrder
      value: 16
      objectReference: {fileID: 0}
    - target: {fileID: 2435928678181716879, guid: 9d3fedf1717398542b03befb1f4a1c33,
        type: 3}
      propertyPath: m_LocalEulerAnglesHint.x
      value: 0
      objectReference: {fileID: 0}
    - target: {fileID: 2435928678181716879, guid: 9d3fedf1717398542b03befb1f4a1c33,
        type: 3}
      propertyPath: m_LocalEulerAnglesHint.y
      value: 0
      objectReference: {fileID: 0}
    - target: {fileID: 2435928678181716879, guid: 9d3fedf1717398542b03befb1f4a1c33,
        type: 3}
      propertyPath: m_LocalEulerAnglesHint.z
      value: 0
      objectReference: {fileID: 0}
    m_RemovedComponents: []
  m_SourcePrefab: {fileID: 100100000, guid: 9d3fedf1717398542b03befb1f4a1c33, type: 3}
--- !u!1 &1505882704 stripped
GameObject:
  m_CorrespondingSourceObject: {fileID: 6518861021071840699, guid: f95b479d83f52f74bb9a36cbbd49b438,
    type: 3}
  m_PrefabInstance: {fileID: 245027672}
  m_PrefabAsset: {fileID: 0}
--- !u!65 &1505882705
BoxCollider:
  m_ObjectHideFlags: 0
  m_CorrespondingSourceObject: {fileID: 0}
  m_PrefabInstance: {fileID: 0}
  m_PrefabAsset: {fileID: 0}
  m_GameObject: {fileID: 1505882704}
  m_Material: {fileID: 0}
  m_IsTrigger: 1
  m_Enabled: 1
  serializedVersion: 2
  m_Size: {x: 115.2, y: 115.2, z: 115.2}
  m_Center: {x: 0, y: 0, z: 0}
--- !u!114 &1505882708 stripped
MonoBehaviour:
  m_CorrespondingSourceObject: {fileID: 6518861021071840694, guid: f95b479d83f52f74bb9a36cbbd49b438,
    type: 3}
  m_PrefabInstance: {fileID: 245027672}
  m_PrefabAsset: {fileID: 0}
  m_GameObject: {fileID: 1505882704}
  m_Enabled: 1
  m_EditorHideFlags: 0
  m_Script: {fileID: 11500000, guid: c727b45c8c54a454180582949056b047, type: 3}
  m_Name: 
  m_EditorClassIdentifier: 
--- !u!114 &1552292949 stripped
MonoBehaviour:
  m_CorrespondingSourceObject: {fileID: 3561980244624490595, guid: dca863739d20f8541858697ad753ba5c,
    type: 3}
  m_PrefabInstance: {fileID: 1325255677}
  m_PrefabAsset: {fileID: 0}
  m_GameObject: {fileID: 0}
  m_Enabled: 1
  m_EditorHideFlags: 0
  m_Script: {fileID: 11500000, guid: 6d6ced46f343ee74eaa1c1c383801e8b, type: 3}
  m_Name: 
  m_EditorClassIdentifier: 
--- !u!1001 &1608109587
PrefabInstance:
  m_ObjectHideFlags: 0
  serializedVersion: 2
  m_Modification:
    m_TransformParent: {fileID: 0}
    m_Modifications:
    - target: {fileID: 105324, guid: c0677c4fb5336bb4ca66d08ac65eb63e, type: 3}
      propertyPath: m_Name
      value: SA_Veh_Clean_MuscleCarC
      objectReference: {fileID: 0}
    - target: {fileID: 435628, guid: c0677c4fb5336bb4ca66d08ac65eb63e, type: 3}
      propertyPath: m_LocalPosition.x
      value: 117.15
      objectReference: {fileID: 0}
    - target: {fileID: 435628, guid: c0677c4fb5336bb4ca66d08ac65eb63e, type: 3}
      propertyPath: m_LocalPosition.y
      value: -57.45
      objectReference: {fileID: 0}
    - target: {fileID: 435628, guid: c0677c4fb5336bb4ca66d08ac65eb63e, type: 3}
      propertyPath: m_LocalPosition.z
      value: -4.66
      objectReference: {fileID: 0}
    - target: {fileID: 435628, guid: c0677c4fb5336bb4ca66d08ac65eb63e, type: 3}
      propertyPath: m_LocalRotation.x
      value: -0
      objectReference: {fileID: 0}
    - target: {fileID: 435628, guid: c0677c4fb5336bb4ca66d08ac65eb63e, type: 3}
      propertyPath: m_LocalRotation.y
      value: -0.70966464
      objectReference: {fileID: 0}
    - target: {fileID: 435628, guid: c0677c4fb5336bb4ca66d08ac65eb63e, type: 3}
      propertyPath: m_LocalRotation.z
      value: -0
      objectReference: {fileID: 0}
    - target: {fileID: 435628, guid: c0677c4fb5336bb4ca66d08ac65eb63e, type: 3}
      propertyPath: m_LocalRotation.w
      value: 0.70453966
      objectReference: {fileID: 0}
    - target: {fileID: 435628, guid: c0677c4fb5336bb4ca66d08ac65eb63e, type: 3}
      propertyPath: m_RootOrder
      value: 3
      objectReference: {fileID: 0}
    - target: {fileID: 435628, guid: c0677c4fb5336bb4ca66d08ac65eb63e, type: 3}
      propertyPath: m_LocalEulerAnglesHint.x
      value: 0
      objectReference: {fileID: 0}
    - target: {fileID: 435628, guid: c0677c4fb5336bb4ca66d08ac65eb63e, type: 3}
      propertyPath: m_LocalEulerAnglesHint.y
      value: -90.415
      objectReference: {fileID: 0}
    - target: {fileID: 435628, guid: c0677c4fb5336bb4ca66d08ac65eb63e, type: 3}
      propertyPath: m_LocalEulerAnglesHint.z
      value: 0
      objectReference: {fileID: 0}
    m_RemovedComponents: []
  m_SourcePrefab: {fileID: 100100000, guid: c0677c4fb5336bb4ca66d08ac65eb63e, type: 3}
--- !u!1 &1698747304 stripped
GameObject:
  m_CorrespondingSourceObject: {fileID: 117122, guid: ca134e2a15f2dc24d8b54a103b285c8e,
    type: 3}
  m_PrefabInstance: {fileID: 987782266}
  m_PrefabAsset: {fileID: 0}
--- !u!65 &1698747305
BoxCollider:
  m_ObjectHideFlags: 0
  m_CorrespondingSourceObject: {fileID: 0}
  m_PrefabInstance: {fileID: 0}
  m_PrefabAsset: {fileID: 0}
  m_GameObject: {fileID: 1698747304}
  m_Material: {fileID: 0}
  m_IsTrigger: 0
  m_Enabled: 1
  serializedVersion: 2
  m_Size: {x: 4.6202393, y: 3.4937003, z: 9.171024}
  m_Center: {x: 0, y: 2.4353952, z: 0.040268898}
--- !u!1 &1927061825 stripped
GameObject:
  m_CorrespondingSourceObject: {fileID: 180278, guid: 2a4b2a0dad46024479fe7f1b502abe52,
    type: 3}
  m_PrefabInstance: {fileID: 220772904}
  m_PrefabAsset: {fileID: 0}
--- !u!65 &1927061826
BoxCollider:
  m_ObjectHideFlags: 0
  m_CorrespondingSourceObject: {fileID: 0}
  m_PrefabInstance: {fileID: 0}
  m_PrefabAsset: {fileID: 0}
  m_GameObject: {fileID: 1927061825}
  m_Material: {fileID: 0}
  m_IsTrigger: 0
  m_Enabled: 1
  serializedVersion: 2
  m_Size: {x: 3.3632207, y: 2.5051844, z: 5.8151326}
  m_Center: {x: 0, y: 1.4616791, z: -0.0005664826}
--- !u!1 &1933669357
GameObject:
  m_ObjectHideFlags: 0
  m_CorrespondingSourceObject: {fileID: 0}
  m_PrefabInstance: {fileID: 0}
  m_PrefabAsset: {fileID: 0}
  serializedVersion: 6
  m_Component:
  - component: {fileID: 1933669359}
  - component: {fileID: 1933669358}
  m_Layer: 0
  m_Name: GenerationLevel
  m_TagString: Untagged
  m_Icon: {fileID: 0}
  m_NavMeshLayer: 0
  m_StaticEditorFlags: 0
  m_IsActive: 1
--- !u!114 &1933669358
MonoBehaviour:
  m_ObjectHideFlags: 0
  m_CorrespondingSourceObject: {fileID: 0}
  m_PrefabInstance: {fileID: 0}
  m_PrefabAsset: {fileID: 0}
  m_GameObject: {fileID: 1933669357}
  m_Enabled: 1
  m_EditorHideFlags: 0
  m_Script: {fileID: 11500000, guid: dccbfd42bc122604dbdb8d2afcbc54ed, type: 3}
  m_Name: 
  m_EditorClassIdentifier: 
  IsLet: 1
  IsUseGenerationLevel: 1
  finish: {fileID: 1552292949}
  fence: {fileID: 232109447}
  repeatersPrefabsList:
  - {fileID: 1035206953}
  - {fileID: 1505882708}
  - {fileID: 1427662263}
  repeaters:
  - {fileID: 1035206953}
  - {fileID: 1505882708}
  - {fileID: 1427662263}
--- !u!4 &1933669359
Transform:
  m_ObjectHideFlags: 0
  m_CorrespondingSourceObject: {fileID: 0}
  m_PrefabInstance: {fileID: 0}
  m_PrefabAsset: {fileID: 0}
  m_GameObject: {fileID: 1933669357}
  m_LocalRotation: {x: -0, y: -0, z: -0, w: 1}
  m_LocalPosition: {x: 0, y: 0, z: 0}
  m_LocalScale: {x: 1, y: 1, z: 1}
  m_Children: []
  m_Father: {fileID: 24018442}
  m_RootOrder: 0
  m_LocalEulerAnglesHint: {x: 0, y: 0, z: 0}
--- !u!1001 &1995005862
PrefabInstance:
  m_ObjectHideFlags: 0
  serializedVersion: 2
  m_Modification:
    m_TransformParent: {fileID: 0}
    m_Modifications:
    - target: {fileID: 4147511278864254469, guid: cb3cd30f3e28d6546b1e8371af0300a7,
        type: 3}
      propertyPath: m_Name
      value: Item (2)
      objectReference: {fileID: 0}
    - target: {fileID: 4147511278864528081, guid: cb3cd30f3e28d6546b1e8371af0300a7,
        type: 3}
      propertyPath: m_LocalPosition.x
      value: 103.72
      objectReference: {fileID: 0}
    - target: {fileID: 4147511278864528081, guid: cb3cd30f3e28d6546b1e8371af0300a7,
        type: 3}
      propertyPath: m_LocalPosition.y
      value: -55.83
      objectReference: {fileID: 0}
    - target: {fileID: 4147511278864528081, guid: cb3cd30f3e28d6546b1e8371af0300a7,
        type: 3}
      propertyPath: m_LocalPosition.z
      value: 3.99
      objectReference: {fileID: 0}
    - target: {fileID: 4147511278864528081, guid: cb3cd30f3e28d6546b1e8371af0300a7,
        type: 3}
      propertyPath: m_LocalRotation.x
      value: 0
      objectReference: {fileID: 0}
    - target: {fileID: 4147511278864528081, guid: cb3cd30f3e28d6546b1e8371af0300a7,
        type: 3}
      propertyPath: m_LocalRotation.y
      value: 0
      objectReference: {fileID: 0}
    - target: {fileID: 4147511278864528081, guid: cb3cd30f3e28d6546b1e8371af0300a7,
        type: 3}
      propertyPath: m_LocalRotation.z
      value: 0
      objectReference: {fileID: 0}
    - target: {fileID: 4147511278864528081, guid: cb3cd30f3e28d6546b1e8371af0300a7,
        type: 3}
      propertyPath: m_LocalRotation.w
      value: 1
      objectReference: {fileID: 0}
    - target: {fileID: 4147511278864528081, guid: cb3cd30f3e28d6546b1e8371af0300a7,
        type: 3}
      propertyPath: m_RootOrder
      value: 13
      objectReference: {fileID: 0}
    - target: {fileID: 4147511278864528081, guid: cb3cd30f3e28d6546b1e8371af0300a7,
        type: 3}
      propertyPath: m_LocalEulerAnglesHint.x
      value: 0
      objectReference: {fileID: 0}
    - target: {fileID: 4147511278864528081, guid: cb3cd30f3e28d6546b1e8371af0300a7,
        type: 3}
      propertyPath: m_LocalEulerAnglesHint.y
      value: 0
      objectReference: {fileID: 0}
    - target: {fileID: 4147511278864528081, guid: cb3cd30f3e28d6546b1e8371af0300a7,
        type: 3}
      propertyPath: m_LocalEulerAnglesHint.z
      value: 0
      objectReference: {fileID: 0}
    m_RemovedComponents: []
  m_SourcePrefab: {fileID: 100100000, guid: cb3cd30f3e28d6546b1e8371af0300a7, type: 3}
--- !u!1001 &2007042690
PrefabInstance:
  m_ObjectHideFlags: 0
  serializedVersion: 2
  m_Modification:
    m_TransformParent: {fileID: 0}
    m_Modifications:
    - target: {fileID: 8362849536972021994, guid: d5deb3b4d6aa9b6469daf75326cbcfa1,
        type: 3}
      propertyPath: m_Name
      value: Player
      objectReference: {fileID: 0}
    - target: {fileID: 8362849536972021997, guid: d5deb3b4d6aa9b6469daf75326cbcfa1,
        type: 3}
      propertyPath: m_LocalPosition.x
      value: -45.083523
      objectReference: {fileID: 0}
    - target: {fileID: 8362849536972021997, guid: d5deb3b4d6aa9b6469daf75326cbcfa1,
        type: 3}
      propertyPath: m_LocalPosition.y
      value: -57.4
      objectReference: {fileID: 0}
    - target: {fileID: 8362849536972021997, guid: d5deb3b4d6aa9b6469daf75326cbcfa1,
        type: 3}
      propertyPath: m_LocalPosition.z
      value: -0.25355965
      objectReference: {fileID: 0}
    - target: {fileID: 8362849536972021997, guid: d5deb3b4d6aa9b6469daf75326cbcfa1,
        type: 3}
      propertyPath: m_LocalRotation.x
      value: 0
      objectReference: {fileID: 0}
    - target: {fileID: 8362849536972021997, guid: d5deb3b4d6aa9b6469daf75326cbcfa1,
        type: 3}
      propertyPath: m_LocalRotation.y
      value: 0.7071068
      objectReference: {fileID: 0}
    - target: {fileID: 8362849536972021997, guid: d5deb3b4d6aa9b6469daf75326cbcfa1,
        type: 3}
      propertyPath: m_LocalRotation.z
      value: 0
      objectReference: {fileID: 0}
    - target: {fileID: 8362849536972021997, guid: d5deb3b4d6aa9b6469daf75326cbcfa1,
        type: 3}
      propertyPath: m_LocalRotation.w
      value: 0.70710677
      objectReference: {fileID: 0}
    - target: {fileID: 8362849536972021997, guid: d5deb3b4d6aa9b6469daf75326cbcfa1,
        type: 3}
      propertyPath: m_RootOrder
      value: 6
      objectReference: {fileID: 0}
    - target: {fileID: 8362849536972021997, guid: d5deb3b4d6aa9b6469daf75326cbcfa1,
        type: 3}
      propertyPath: m_LocalEulerAnglesHint.x
      value: 0
      objectReference: {fileID: 0}
    - target: {fileID: 8362849536972021997, guid: d5deb3b4d6aa9b6469daf75326cbcfa1,
        type: 3}
      propertyPath: m_LocalEulerAnglesHint.y
      value: 90.00001
      objectReference: {fileID: 0}
    - target: {fileID: 8362849536972021997, guid: d5deb3b4d6aa9b6469daf75326cbcfa1,
        type: 3}
      propertyPath: m_LocalEulerAnglesHint.z
      value: 0
      objectReference: {fileID: 0}
    m_RemovedComponents: []
  m_SourcePrefab: {fileID: 100100000, guid: d5deb3b4d6aa9b6469daf75326cbcfa1, type: 3}
--- !u!1001 &1354082666538531479
PrefabInstance:
  m_ObjectHideFlags: 0
  serializedVersion: 2
  m_Modification:
    m_TransformParent: {fileID: 0}
    m_Modifications:
    - target: {fileID: 3920504497621975335, guid: aa1c1ef18cc9a2a4298dc26700a71199,
        type: 3}
      propertyPath: m_Name
      value: IsTurnZombiesIntoPeople
      objectReference: {fileID: 0}
    - target: {fileID: 7093461892613233391, guid: aa1c1ef18cc9a2a4298dc26700a71199,
        type: 3}
      propertyPath: m_LocalPosition.x
      value: -62.491688
      objectReference: {fileID: 0}
    - target: {fileID: 7093461892613233391, guid: aa1c1ef18cc9a2a4298dc26700a71199,
        type: 3}
      propertyPath: m_LocalPosition.y
      value: -87.76164
      objectReference: {fileID: 0}
    - target: {fileID: 7093461892613233391, guid: aa1c1ef18cc9a2a4298dc26700a71199,
        type: 3}
      propertyPath: m_LocalPosition.z
      value: 138.22241
      objectReference: {fileID: 0}
    - target: {fileID: 7093461892613233391, guid: aa1c1ef18cc9a2a4298dc26700a71199,
        type: 3}
      propertyPath: m_LocalRotation.x
      value: 0
      objectReference: {fileID: 0}
    - target: {fileID: 7093461892613233391, guid: aa1c1ef18cc9a2a4298dc26700a71199,
        type: 3}
      propertyPath: m_LocalRotation.y
      value: 0
      objectReference: {fileID: 0}
    - target: {fileID: 7093461892613233391, guid: aa1c1ef18cc9a2a4298dc26700a71199,
        type: 3}
      propertyPath: m_LocalRotation.z
      value: 0
      objectReference: {fileID: 0}
    - target: {fileID: 7093461892613233391, guid: aa1c1ef18cc9a2a4298dc26700a71199,
        type: 3}
      propertyPath: m_LocalRotation.w
      value: 1
      objectReference: {fileID: 0}
    - target: {fileID: 7093461892613233391, guid: aa1c1ef18cc9a2a4298dc26700a71199,
        type: 3}
      propertyPath: m_RootOrder
      value: 18
      objectReference: {fileID: 0}
    - target: {fileID: 7093461892613233391, guid: aa1c1ef18cc9a2a4298dc26700a71199,
        type: 3}
      propertyPath: m_LocalEulerAnglesHint.x
      value: 0
      objectReference: {fileID: 0}
    - target: {fileID: 7093461892613233391, guid: aa1c1ef18cc9a2a4298dc26700a71199,
        type: 3}
      propertyPath: m_LocalEulerAnglesHint.y
      value: 0
      objectReference: {fileID: 0}
    - target: {fileID: 7093461892613233391, guid: aa1c1ef18cc9a2a4298dc26700a71199,
        type: 3}
      propertyPath: m_LocalEulerAnglesHint.z
      value: 0
      objectReference: {fileID: 0}
    m_RemovedComponents: []
  m_SourcePrefab: {fileID: 100100000, guid: aa1c1ef18cc9a2a4298dc26700a71199, type: 3}
--- !u!1001 &3944235365499769502
PrefabInstance:
  m_ObjectHideFlags: 0
  serializedVersion: 2
  m_Modification:
    m_TransformParent: {fileID: 0}
    m_Modifications:
    - target: {fileID: 3944235364800623203, guid: 3af717b07076e2848a2d4e869ef263ea,
        type: 3}
      propertyPath: m_Name
      value: LevelControllers
      objectReference: {fileID: 0}
    - target: {fileID: 3944235364800623200, guid: 3af717b07076e2848a2d4e869ef263ea,
        type: 3}
      propertyPath: m_LocalPosition.x
      value: 0
      objectReference: {fileID: 0}
    - target: {fileID: 3944235364800623200, guid: 3af717b07076e2848a2d4e869ef263ea,
        type: 3}
      propertyPath: m_LocalPosition.y
      value: 0
      objectReference: {fileID: 0}
    - target: {fileID: 3944235364800623200, guid: 3af717b07076e2848a2d4e869ef263ea,
        type: 3}
      propertyPath: m_LocalPosition.z
      value: 0
      objectReference: {fileID: 0}
    - target: {fileID: 3944235364800623200, guid: 3af717b07076e2848a2d4e869ef263ea,
        type: 3}
      propertyPath: m_LocalRotation.x
      value: 0
      objectReference: {fileID: 0}
    - target: {fileID: 3944235364800623200, guid: 3af717b07076e2848a2d4e869ef263ea,
        type: 3}
      propertyPath: m_LocalRotation.y
      value: 0
      objectReference: {fileID: 0}
    - target: {fileID: 3944235364800623200, guid: 3af717b07076e2848a2d4e869ef263ea,
        type: 3}
      propertyPath: m_LocalRotation.z
      value: 0
      objectReference: {fileID: 0}
    - target: {fileID: 3944235364800623200, guid: 3af717b07076e2848a2d4e869ef263ea,
        type: 3}
      propertyPath: m_LocalRotation.w
      value: 1
      objectReference: {fileID: 0}
    - target: {fileID: 3944235364800623200, guid: 3af717b07076e2848a2d4e869ef263ea,
        type: 3}
      propertyPath: m_RootOrder
      value: 0
      objectReference: {fileID: 0}
    - target: {fileID: 3944235364800623200, guid: 3af717b07076e2848a2d4e869ef263ea,
        type: 3}
      propertyPath: m_LocalEulerAnglesHint.x
      value: 0
      objectReference: {fileID: 0}
    - target: {fileID: 3944235364800623200, guid: 3af717b07076e2848a2d4e869ef263ea,
        type: 3}
      propertyPath: m_LocalEulerAnglesHint.y
      value: 0
      objectReference: {fileID: 0}
    - target: {fileID: 3944235364800623200, guid: 3af717b07076e2848a2d4e869ef263ea,
        type: 3}
      propertyPath: m_LocalEulerAnglesHint.z
      value: 0
      objectReference: {fileID: 0}
    - target: {fileID: 5227558054094266023, guid: 3af717b07076e2848a2d4e869ef263ea,
        type: 3}
      propertyPath: TurnZombieIntoPeopleCounts
      value: 3
      objectReference: {fileID: 0}
    - target: {fileID: 3944235365348106058, guid: 3af717b07076e2848a2d4e869ef263ea,
        type: 3}
      propertyPath: TurnZombieIntoPeopleCounts
      value: 3
      objectReference: {fileID: 0}
    - target: {fileID: 3944235365348106058, guid: 3af717b07076e2848a2d4e869ef263ea,
        type: 3}
      propertyPath: peopleSavingPanel
      value: 
      objectReference: {fileID: 0}
    - target: {fileID: 3944235364993726671, guid: 3af717b07076e2848a2d4e869ef263ea,
        type: 3}
      propertyPath: m_LocalPosition.z
      value: 0
      objectReference: {fileID: 0}
    - target: {fileID: 3944235364883262068, guid: 3af717b07076e2848a2d4e869ef263ea,
        type: 3}
      propertyPath: m_AnchoredPosition.y
      value: -147.2998
      objectReference: {fileID: 0}
    m_RemovedComponents: []
  m_SourcePrefab: {fileID: 100100000, guid: 3af717b07076e2848a2d4e869ef263ea, type: 3}
